11122111111111111111111111111111111111111111111111111111111111
11112211111111111111111111111111111111111111111111111111111111
11111221111111111111333333333333333333333333333333311111111111
11111221111000111111311111111111111122111111111111111111111111
11111122110001111111311111111111111122111111111111111111111111
11111122211111111113331111111111111122111111111111111111111111
11111112211111111113331111111111111221111111111111111111111111
11111112211100011111311111111111222211111111111111111111111111
11111112211111111111311111122222211111111111111111111111111111
11111111221111111222322212221111221111111111111111111111111111
11111111122222222212321222111111122111111111111111111111111111
11111111111111111111311111111111122111111111114444444444441111
11111111111111111111311111111111122111111111144444444441111111
33333333333333333333311111111111122111111111111444444444441111
11111111111111311111111111111111221111111111144444444444444441
11111111111111311111111111111112211111111114444444444444444111
11111111100001311111111111111112211111144222244444444444444111
11111111000111311111111111111122221111112244224444444444444111
11111111111111311111111111111222222222122444422444444444444111
11111111111110301111111111111122221112224444442244444444444111
11111112111111300111111111111111111144444444444224444444444111
11111112111111310000111111000111444444444444444224444444444111
11111122111111300000000000001111111444444444444224444444444111
11111121111111311100000001111111111111144444444224444444444111
11111121111111311111100000111111111111111111111221444444444444
11122223333333311111111111111111111111111111111111111111111111
22221122111111111111111111111111111111111111111111111111111111
111111222222211111111111111111111111111111111111111111111111111
11111111111211111111111111111111111111111111111111111111111111
11111111111122111111111111111111111111111111111111111111111111
-
7,1,7,0,5
7,3,7,0,1
7,5,7,0,1
7,7,7,0,1
7,9,7,0,1
7,11,7,0,1
7,13,7,0,1
7,15,7,0,1
0,1,1
1,11,18
1,9,17
1,4,17
1,11,20
1,12,19
1,2,25
1,7,26
1,13,25
1,9,20
1,1,20
1,2,14
1,1,16
2,7,23
1,15,19
1,16,22
1,12,25
1,18,19
1,2,27
6,0,13,forest.map,24,6
1,1,1
1,15,15
1,7,0
1,15,2
2,14,2
1,6,6
1,5,4 
2,9,2 
1,12,1
2,15,9 
2,11,1
1,22,9 
1,22,1
2,23,20
1,2,8 
2,15,15
1,17,1 
2,9,8
2,18,30
2,29,27
2,29,15
2,28,30
2,20,19
2,15,29
2,27,17
2,15,15
2,24,26
2,25,22
2,22,19
2,27,25
2,30,19
2,25,21
2,30,20
2,20,19
2,26,25
2,17,27
2,29,24
2,27,25
1,38,9
1,30,4
1,50,24
1,39,9
1,49,23
1,37,10
1,40,25
1,46,14
1,48,13
1,43,14
1,50,27
1,44,17
1,45,12
1,32,28
1,44,15
1,35,18
1,34,14
1,47,3
1,37,11
1,38,26
8,7,24,Albert,npc_male1.png,albert.npc