11122111111111111111111111111111111111111111111111111111111111
11112211111111111111111111111111111111111111111111111111111111
11111221111111111111333333333333333333333333333333311111111111
11111221111000111111311111111111111122111111111111111111111111
11111122110001111111311111111111111122111111111111111111111111
11111122211111111113331111111111111122111111111111111111111111
11111112211111111113331111111111111221111111111111111111111111
11111112211100011111311111111111222211111111111111111111111111
11111112211111111111311111122222211111111111111111111111111111
11111111221111111222322212221111221111111111111111111111111111
11111111122222222212321222111111122111111111111111111111111111
11111111111111111111311111111111122111111111114444444444441111
11111111111111111111311111111111122111111111144444444441111111
33333333333333333333311111111111122111111111111444444444441111
11111111111111111111111111111111221111111111144444444444444441
1111111111111111111111111111111221111111111
1111111110000111111111111111111221111114444
1111111100011111111111111111112222111111444
1111111111111111111111111111122222221111144
1111111111111000111111111111112222111144444
1111111211111110011111111111111111114444444
1111111211111111000011111100011144444444444
1111112211111100000000000000111111144444444
1111112111111111110000000111111111111114444
11111121111111111111100000111111111111111111111111444444444444
11122221111111111111111111111111111111111111111111111111111111
22221122111111111111111111111111111111111111111111111111111111
111111222222211111111111111111111111111111111111111111111111111
11111111111211111111111111111111111111111111111111111111111111
11111111111122111111111111111111111111111111111111111111111111
-
7,7,25,3,1
8,9,11,Sally,npc_female1.png,megan.npc
7,1,7,0,5
7,3,7,0,1
7,5,7,0,1
7,7,7,0,1
7,9,7,0,1
7,11,7,0,1
7,13,7,0,1
7,15,7,0,1
0,1,1
1,11,18
1,9,17
1,4,17
1,11,20
1,12,19
1,2,25
1,7,26
1,13,25
1,9,20
1,1,20
1,2,14
1,1,16
2,7,23
1,15,19
1,16,22
1,12,25
1,18,19
1,2,27
6,0,13,forest.map,24,6
1,1,1
1,15,15
1,7,0
1,15,2
2,14,2
1,6,6
1,5,4 
2,9,2 
1,12,1
2,15,9 
2,11,1
1,22,9 
1,22,1
2,23,20
1,2,8 
2,15,15
1,17,1 
2,9,8
2,18,30
2,29,27
2,29,15
2,28,30
2,20,19
2,15,29
2,27,17
2,15,15
2,24,26
2,25,22
2,22,19
2,27,25
2,30,19
2,25,21
2,30,20
2,20,19
2,26,25
2,17,27
2,29,24
2,27,25
1,38,9
1,30,4
1,50,24
1,39,9
1,49,23
1,37,10
1,40,25
1,46,14
1,48,13
1,43,14
1,50,27
1,44,17
1,45,12
1,32,28
1,44,15
1,35,18
1,34,14
1,47,3
1,37,11
1,38,26